@book{hdp,
	author = {Roman Vershynin},
	title = {High-Dimensional Probability -
			An Introduction with Applications in Data Science},
	year = {2020},
	publisher = {Cambridge University Press},
	series = {Cambridge Series in Statistic and Probabilistic Mathematics},
	note = {[Draft version : \url{https://www.math.uci.edu/~rvershyn/papers/HDP-book/HDP-book.pdf}]}
}

@inbook{chaining,
	author = {Michel Talagrand},
	title = {Upper and Lower Bounds for Stochastic Processes},
	edition = {Second edition},
	publisher = {Springer},
	year = {2014},
	note  = {[Accessible online: \url{http://michel.talagrand.net/ULBSPRINGER.pdf}]},
	chapter = {1}
}

@misc{gp,
	author = {Manjunath Krishnapur},
	title = {Gaussian Processes}
}

@misc{fourier,
	author = {Manjunath Krishnapur},
	title = {Topics in Fourier Analysis}
}

@misc{tao1,
	author = {Terrence Tao},
	title = {Uniform Uncertainity Principle and Compressed Sensing},
	howpublished = {\url{https://terrytao.files.wordpress.com/2008/12/uup.pdf}},
	year = {2008},
	month = {December}
}

@misc{tao2,
	author = {Terrence Tao},
	title = {Compressed Sensing - Robust recovery of sparse signals from limited measurements},
	howpublished = {\url{https://terrytao.files.wordpress.com/2008/03/anziam.pdf}},
	year = {2008},
	month = {February}
}

@book{compressiveSensing,
	author = {Simon Foucart, Holger Rauhut},
	title = {A Mathematical Introduction to Compressive Sensing},
	series = {Applied and Numeric Harmonic Analysis Series},
	publisher = {Springer},
	year = {2013}
}
